<?xml version="1.0" encoding="UTF-8"?><collection xmlns="http://www.loc.gov/MARC21/slim"><record><leader>00374nam--2200133-i-4500</leader><controlfield tag="001">000001937</controlfield><controlfield tag="002">20161230</controlfield><controlfield tag="005">20161230201024</controlfield><controlfield tag="008">060222s1000------------r-----000-0-eng-d</controlfield><datafield ind1=" " ind2=" " tag="100"><subfield code="a">Frantz, H.W., Malm L.E</subfield></datafield><datafield ind1=" " ind2=" " tag="245"><subfield code="a">Essentials of chemistry in the laboratory</subfield></datafield><datafield ind1=" " ind2=" " tag="260"><subfield code="a">London, W.H.Freeman And Co., 1961. Xi + 308 P</subfield></datafield><datafield ind1=" " ind2=" " tag="490"><subfield code="a">A Series Of Chemistry Books</subfield></datafield><datafield ind1=" " ind2=" " tag="852"><subfield code="a">16832</subfield></datafield></record></collection>